<?xml version="1.0" encoding="UTF-8"?><collection xmlns="http://www.loc.gov/MARC21/slim"><record><leader>00595nam--2200193-i-4500</leader><controlfield tag="001">000026426</controlfield><controlfield tag="002">20161230</controlfield><controlfield tag="005">20161230201036</controlfield><controlfield tag="008">060222s1000------------r-----000-0-eng-d</controlfield><datafield ind1=" " ind2=" " tag="020"><subfield code="a">9971950537</subfield></datafield><datafield ind1=" " ind2=" " tag="040"><subfield code="a">IFIN-HH</subfield></datafield><datafield ind1=" " ind2=" " tag="080"><subfield code="a">539.171.112(061.3)</subfield></datafield><datafield ind1="1" ind2=" " tag="100"><subfield code="a">Kittel, W</subfield></datafield><datafield ind1="1" ind2="0" tag="245"><subfield code="a">Xiii international symposium on multiparticle dynamics 1982</subfield><subfield code="b">Volendam, the netherlands, 6-11 june 1982</subfield><subfield code="c">W. kittel, w. metzger, a. stergiou (eds.)</subfield></datafield><datafield ind1=" " ind2=" " tag="260"><subfield code="a">Singapore</subfield><subfield code="b">World Scientific</subfield><subfield code="c">1983</subfield></datafield><datafield ind1=" " ind2=" " tag="300"><subfield code="a">1018P</subfield></datafield><datafield ind1="1" ind2=" " tag="700"><subfield code="a">Stergiou, A</subfield><subfield code="e">Ed</subfield></datafield><datafield ind1=" " ind2=" " tag="852"><subfield code="a">79920</subfield><subfield code="c">539.12</subfield></datafield><datafield ind1=" " ind2=" " tag="CAT"><subfield code="a">Sys</subfield><subfield code="c">20120201</subfield><subfield code="h">164906</subfield></datafield></record></collection>